@online{SWENVorlesungRepoLink,
    url = {https://github.com/swen-vorlesung},
    title = {SWEN-Vorlesung Github-Repository},
    author = {},
    year = {2023},
    urldate = {2023-01-31},
}

@online{QuiviaWebappLink,
    url = {https://swen-quiz-frontend.azurewebsites.net/},
    title = {Quivia Website Link},
    author = {},
    year = {2023},
    urldate = {2023-02-23},
}

@online{Python,
    url = {https://de.wikipedia.org/wiki/Python_(Programmiersprache)},
    title = {Python},
    author = {},
    year = {},
    urldate = {2024-02-25},
}

@online{Flask,
    url = {https://flask.palletsprojects.com/},
    title = {Flask Website},
    author = {},
    year = {},
    urldate = {2024-02-25},
}

@online{SpringBoot,
    url = {https://spring.io/projects/spring-boot},
    title = {Spring Boot Website},
    author = {},
    year = {},
    urldate = {2024-02-25},
}

@online{Cronjob,
    url = {https://en.wikipedia.org/wiki/Cron},
    title = {Cronjob},
    author = {},
    year = {},
    urldate = {2024-02-25},
}

@online{MicrosoftSQL,
    url = {https://en.wikipedia.org/wiki/Microsoft_SQL_Server},
    title = {Microsoft SQL Server},
    author = {},
    year = {},
    urldate = {2024-02-25},
}

@online{ADR,
  url = {https://www.cognitect.com/blog/2011/11/15/documenting-architecture-decisions},
  title = {ADR - Blogpost},
  author = {Michael Nygard},
  year = {2011},
  urldate = {2024-02-28},
}

@online{cosmos_db_issue,
  url = {https://github.com/Azure/azure-cosmos-db-emulator-docker/issues/86},
  title = {CosmosDB Docker Problem - Sammlung},
  author = {},
  year = {},
  urldate = {2024-03-04},
}

@online{cosmos_db_attachments,
  url = {https://learn.microsoft.com/de-de/azure/cosmos-db/attachments},
  title = {CosmosDB - Attachments Documentation},
  author = {},
  year = {},
  urldate = {2024-03-04},
}

@online{spring_content,
  url = {https://paulcwarren.github.io/spring-content/refs/release/1.2.6/azure-index.html},
  title = {Spring-Content Dokumentation},
  author = {},
  year = {},
  urldate = {2024-03-04},
}

@online{ds_rwu_blogpost,
  url = {https://www.instagram.com/doubleslash_net_business_gmbh/p/C2emqFIMqhx/},
  title = {RWU-Studis doubleSlash Blogbost},
  author = {},
  year = {},
  urldate = {2024-01-24},
}
