@online{uCLinuxWikipedia,
    url = {https://en.wikipedia.org/wiki/%CE%9CClinux},
    title = {uCLinux - Wikipedia},
    author = {},
    year = {2025},
    urldate = {2024-10-15},
}

@online{stmWebsiteBoard,
  url = {https://www.st.com/en/evaluation-tools/32f469idiscovery.html},
  title = {STM32F469I - Board},
  author = {},
  year = {},
  urldate = {2024-10-15},
}

@online{uBootSourceTree,
  url = {https://source.denx.de/u-boot/u-boot},
  title = {Das U-Boot Gitlab},
  author = {},
  year = {},
  urldate = {2024-10-21},
}

@online{andrewMurrayOpt,
  url = {https://www.slideshare.net/slideshow/elce-the/5604468},
  title = {ELC-E 2010: The Right Approach to Minimal Boot Times},
  author = {},
  year = {},
  urldate = {2025-01-20},
}

@online{chris-simmonds-boot-time-elce-2017_0,
  url = {http://events17.linuxfoundation.org/sites/events/files/slides/chris-simmonds-boot-time-elce-2017_0.pdf},
  title = {A pragmatic guide to boot-time optimization},
  author = {},
  year = {},
  urldate = {2025-01-20},
}

@online{janAltenbergOpt,
  url = {https://www.scribd.com/document/455406627/Boot-one-second-altenberg-pdf},
  title = {A pragmatic guide to boot-time optimization},
  author = {},
  year = {},
  urldate = {2025-01-20},
}

@online{myBootMeasureScript,
  url = {https://github.com/Skydeke/Projektarbeit/blob/main/binaries/measssure_boot_time.sh},
  title = {Mess-Script},
  author = {David Metzler},
  year = {},
  urldate = {2025-05-16},
}
